 
@article{sigrist2022gaussian,
  author={Sigrist, Fabio},
  title={Gaussian process boosting},
  journal={The Journal of Machine Learning Research},
  volume={23},
  number={1},
  pages={10565--10610},
  year={2022},
  publisher={JMLRORG}
}


@inproceedings{basak2021numerical,
  title={Numerical issues in maximum likelihood parameter estimation for Gaussian process interpolation},
  author={Basak, Subhasish and Petit, S{\'e}bastien and Bect, Julien and Vazquez, Emmanuel},
  booktitle={International Conference on Machine Learning, Optimization, and Data Science},
  pages={116--131},
  year={2021},
  organization={Springer}
}


@book{williams2006gaussian,
  title={Gaussian processes for machine learning},
  author={Williams, Christopher KI and Rasmussen, Carl Edward},
  volume={2},
  number={3},
  year={2006},
  publisher={MIT press Cambridge, MA}
}

@Book{NoceWrig06,
  author    = {Jorge Nocedal and Stephen J. Wright},
  publisher = {Springer},
  title     = {Numerical Optimization},
  year      = {2006},
  address   = {New York, NY, USA},
  edition   = {2e},
}

@article{kennedy2001bayesian,
  title={Bayesian calibration of computer models},
  author={Kennedy, Marc C and O'Hagan, Anthony},
  journal={Journal of the Royal Statistical Society: Series B (Statistical Methodology)},
  volume={63},
  number={3},
  pages={425--464},
  year={2001},
  publisher={Wiley Online Library}
}

@article{eidsvik2011spatial,
  title={Spatial statistics, addition to Part I. Parameter estimation and kriging for Gaussian random fields},
  author={Eidsvik, Jo},
  year={2011}
}

@book{nesterov2004introductory,
  title={Introductory lectures on convex optimization: A basic course},
  author={Nesterov, Yurii},
  volume={87},
  year={2004},
  publisher={Springer Science \& Business Media}
}

@article{nelder1965simplex,
  title={A simplex method for function minimization},
  author={Nelder, John A and Mead, Roger},
  journal={The computer journal},
  volume={7},
  number={4},
  pages={308--313},
  year={1965},
  publisher={The British Computer Society}
}

@article{quinonero2005unifying,
  title={A unifying view of sparse approximate Gaussian process regression},
  author={Quinonero-Candela, Joaquin and Rasmussen, Carl Edward},
  journal={The Journal of Machine Learning Research},
  volume={6},
  pages={1939--1959},
  year={2005},
  publisher={JMLR. org}
}

@MISC{simulationlib, 
 author = {Surjanovic, S. and Bingham, D.}, 
 title = {Virtual Library of Simulation Experiments: Test Functions and Datasets}, 
 howpublished = {Retrieved June 10, 2024, from \url{http://www.sfu.ca/~ssurjano}} 
}
